<?xml version="1.0" encoding="UTF-8"?><record xmlns="http://www.loc.gov/MARC21/slim" xmlns:cinclude="http://apache.org/cocoon/include/1.0" xmlns:zs="http://www.loc.gov/zing/srw/">
  <leader>00548cz  a2200145n  4500</leader>
  <controlfield tag="001">n  93070780 </controlfield>
  <controlfield tag="003">DLC</controlfield>
  <controlfield tag="005">19930813104940.5</controlfield>
  <controlfield tag="008">930724n| acannaab|          |a aaa |||  </controlfield>
  <datafield tag="010" ind1=" " ind2=" ">
    <subfield code="a">n  93070780 </subfield>
  </datafield>
  <datafield tag="040" ind1=" " ind2=" ">
    <subfield code="a">DLC</subfield>
    <subfield code="c">DLC</subfield>
    <subfield code="d">DLC</subfield>
  </datafield>
  <datafield tag="100" ind1="1" ind2="0">
    <subfield code="a">Khodanovich, V. N.</subfield>
    <subfield code="q">(Vladimir Nikolaevich)</subfield>
  </datafield>
  <datafield tag="400" ind1="1" ind2="0">
    <subfield code="a">Khodanovich, Vladimir Nikolaevich</subfield>
  </datafield>
  <datafield tag="670" ind1=" " ind2=" ">
    <subfield code="a">His Sovremennye amerikanskie kont︠s︡ept︠s︡ii ideologii, 1991:</subfield>
    <subfield code="b">t.p. (V.N. Khodanovich) colophon (Khodanovich Vladimir Nikolaevich)</subfield>
  </datafield>
  <datafield tag="670" ind1=" " ind2=" ">
    <subfield code="a">LC data base, 07-24-93</subfield>
    <subfield code="b">(Khodanovich, Vladimir Nikolaevich)</subfield>
  </datafield>
</record>